<?xml version="1.0" encoding="UTF-8"?><collection xmlns="http://www.loc.gov/MARC21/slim"><record><leader>00425nam--2200145-i-4500</leader><controlfield tag="001">000041469</controlfield><controlfield tag="002">20161230</controlfield><controlfield tag="005">20161230201043</controlfield><controlfield tag="008">060222s1000------------r-----000-0-eng-d</controlfield><datafield ind1=" " ind2=" " tag="080"><subfield code="a">621.38</subfield></datafield><datafield ind1=" " ind2=" " tag="100"><subfield code="a">Shiers,George</subfield></datafield><datafield ind1=" " ind2=" " tag="245"><subfield code="a">Design and construction of electronic equipment</subfield></datafield><datafield ind1=" " ind2=" " tag="260"><subfield code="a">Englewood Cliffs,N.J.Prentice-hall,Inc.,1966. Xiii + 362 P</subfield></datafield><datafield ind1=" " ind2=" " tag="490"><subfield code="a">Prentice-hall Series In Electronic Technology</subfield></datafield><datafield ind1=" " ind2=" " tag="852"><subfield code="a">27483</subfield></datafield></record></collection>